<record><leader>00000cas a2200000 a 4500</leader><controlfield tag="001">12145129</controlfield><controlfield tag="008">850611c19669999nyuwr ne      0   a0eng c</controlfield><datafield ind1=" " ind2=" " tag="010"><subfield code="a">sn 86002368 </subfield></datafield><datafield ind1=" " ind2=" " tag="040"><subfield code="a">COO</subfield><subfield code="b">eng</subfield><subfield code="c">COO</subfield><subfield code="d">NSD</subfield><subfield code="d">NST</subfield><subfield code="d">DLC</subfield><subfield code="d">OCL</subfield><subfield code="d">NYS</subfield><subfield code="d">OCLCQ</subfield><subfield code="d">OCLCF</subfield><subfield code="d">OCLCO</subfield></datafield><datafield ind1=" " ind2=" " tag="012"><subfield code="l">1</subfield></datafield><datafield ind1="1" ind2=" " tag="022"><subfield code="a">0890-1295</subfield><subfield code="l">0890-1295</subfield><subfield code="2">1</subfield></datafield><datafield ind1="1" ind2=" " tag="029"><subfield code="a">AU@</subfield><subfield code="b">000020425257</subfield></datafield><datafield ind1=" " ind2=" " tag="037"><subfield code="b">Co-op City Times, 2049 Bartow Ave., Bronx, NY 10475</subfield></datafield><datafield ind1=" " ind2=" " tag="042"><subfield code="a">pcc</subfield></datafield><datafield ind1=" " ind2=" " tag="043"><subfield code="a">n-us-ny</subfield></datafield><datafield ind1=" " ind2="0" tag="222"><subfield code="a">Co-op City times</subfield></datafield><datafield ind1="0" ind2="0" tag="245"><subfield code="a">Co-op City times.</subfield></datafield><datafield ind1="1" ind2="3" tag="246"><subfield code="a">Coop city times</subfield></datafield><datafield ind1=" " ind2=" " tag="260"><subfield code="a">Bronx (New York, N.Y.) :</subfield><subfield code="b">United Housing Foundation,</subfield><subfield code="c">1966-</subfield></datafield><datafield ind1=" " ind2=" " tag="300"><subfield code="a">v. :</subfield><subfield code="b">ill. ;</subfield><subfield code="c">38-43 cm.</subfield></datafield><datafield ind1=" " ind2=" " tag="310"><subfield code="a">Weekly</subfield></datafield><datafield ind1=" " ind2=" " tag="321"><subfield code="a">Quarterly,</subfield><subfield code="b">Jan., 1967-1968.</subfield></datafield><datafield ind1=" " ind2=" " tag="321"><subfield code="a">Monthly,</subfield><subfield code="b">1968-Aug. 2, 1969.</subfield></datafield><datafield ind1="0" ind2=" " tag="362"><subfield code="a">Vol. 1, no. 1 (Dec. 1966)-</subfield></datafield><datafield ind1=" " ind2=" " tag="500"><subfield code="a">"The Newspaper for Co-op City Residents".</subfield></datafield><datafield ind1=" " ind2=" " tag="500"><subfield code="a">"Co-op City U.S.A."</subfield></datafield><datafield ind1=" " ind2=" " tag="500"><subfield code="a">"Co-op City's Official Publication Serving 15,382 member families in the world's largest cooperative community".</subfield></datafield><datafield ind1=" " ind2=" " tag="500"><subfield code="a">"Co-op City's Official Newspaper Serving the world's largest cooperative".</subfield></datafield><datafield ind1=" " ind2=" " tag="500"><subfield code="a">Masthead ornament: Twin pine tree logo of United Housing Foundation until Jul. 7, 1976.</subfield></datafield><datafield ind1=" " ind2=" " tag="530"><subfield code="a">Available also on microfilm from New York Public Library.</subfield></datafield><datafield ind1=" " ind2=" " tag="550"><subfield code="a">Issued by: United Housing Foundation, 1966-1968; Co-op City Administrative Office, 1969-1986; Riverbay Corporation, June 14, 1986-</subfield></datafield><datafield ind1=" " ind2="0" tag="650"><subfield code="a">Housing</subfield><subfield code="z">New York (State)</subfield><subfield code="z">New York</subfield><subfield code="v">Newspapers.</subfield></datafield><datafield ind1=" " ind2="0" tag="650"><subfield code="a">Housing, Cooperative</subfield><subfield code="z">New York (State)</subfield><subfield code="z">New York</subfield><subfield code="v">Newspapers.</subfield></datafield><datafield ind1=" " ind2="0" tag="651"><subfield code="a">New York (N.Y.)</subfield><subfield code="v">Newspapers.</subfield></datafield><datafield ind1=" " ind2="0" tag="651"><subfield code="a">Bronx (New York, N.Y.)</subfield><subfield code="v">Newspapers.</subfield></datafield><datafield ind1=" " ind2="0" tag="651"><subfield code="a">Bronx County (N.Y.)</subfield><subfield code="v">Newspapers.</subfield></datafield><datafield ind1=" " ind2="7" tag="655"><subfield code="a">Newspapers.</subfield><subfield code="2">fast</subfield><subfield code="0">(OCoLC)fst01423814</subfield></datafield><datafield ind1=" " ind2="7" tag="650"><subfield code="a">Housing.</subfield><subfield code="2">fast</subfield><subfield code="0">(OCoLC)fst00962245</subfield></datafield><datafield ind1=" " ind2="7" tag="650"><subfield code="a">Housing, Cooperative.</subfield><subfield code="2">fast</subfield><subfield code="0">(OCoLC)fst00962508</subfield></datafield><datafield ind1=" " ind2="7" tag="651"><subfield code="a">New York (State)</subfield><subfield code="z">Bronx County.</subfield><subfield code="2">fast</subfield><subfield code="0">(OCoLC)fst01246823</subfield></datafield><datafield ind1=" " ind2="7" tag="651"><subfield code="a">New York (State)</subfield><subfield code="z">New York.</subfield><subfield code="2">fast</subfield><subfield code="0">(OCoLC)fst01204333</subfield></datafield><datafield ind1=" " ind2="7" tag="651"><subfield code="a">New York (State)</subfield><subfield code="z">New York</subfield><subfield code="z">Bronx.</subfield><subfield code="2">fast</subfield><subfield code="0">(OCoLC)fst01313050</subfield></datafield><datafield ind1="2" ind2=" " tag="710"><subfield code="a">United Housing Foundation (New York, N.Y.)</subfield></datafield><datafield ind1="2" ind2=" " tag="710"><subfield code="a">Co-op City.</subfield><subfield code="b">Administrative Office.</subfield></datafield><datafield ind1=" " ind2=" " tag="752"><subfield code="a">United States</subfield><subfield code="b">New York</subfield><subfield code="c">Bronx</subfield><subfield code="d">Bronx.</subfield></datafield><datafield ind1=" " ind2=" " tag="752"><subfield code="a">United States</subfield><subfield code="b">New York</subfield><subfield code="c">Bronx</subfield><subfield code="d">New York</subfield></datafield><datafield ind1="1" ind2=" " tag="776"><subfield code="c">Microfilm</subfield><subfield code="d">New York Public Library</subfield><subfield code="w">(DLC)sn 92013510</subfield><subfield code="w">(OCoLC)27140574</subfield></datafield><datafield ind1=" " ind2=" " tag="936"><subfield code="a">INC</subfield></datafield></record>